@article{wood1984spelunking,
  title={Spelunking in the pediatric airways: explorations with the flexible fiberoptic bronchoscope.},
  author={Wood, Robert E},
  journal={Pediatric clinics of North America},
  volume={31},
  number={4},
  pages={785--799},
  year={1984}
}
